<?xml version="1.0" encoding="UTF-8"?><record xmlns="http://www.loc.gov/MARC21/slim" xmlns:cinclude="http://apache.org/cocoon/include/1.0" xmlns:zs="http://www.loc.gov/zing/srw/">
  <leader>00384nz  a2200121n  4500</leader>
  <controlfield tag="001">n  93099369 </controlfield>
  <controlfield tag="003">DLC</controlfield>
  <controlfield tag="005">19931008124936.8</controlfield>
  <controlfield tag="008">931008n| acannaab|          |n aaa |||  </controlfield>
  <datafield tag="010" ind1=" " ind2=" ">
    <subfield code="a">n  93099369 </subfield>
  </datafield>
  <datafield tag="040" ind1=" " ind2=" ">
    <subfield code="a">DLC</subfield>
    <subfield code="c">DLC</subfield>
  </datafield>
  <datafield tag="100" ind1="1" ind2="0">
    <subfield code="a">DoĚrfler, Gabriele,</subfield>
    <subfield code="d">1963-</subfield>
  </datafield>
  <datafield tag="670" ind1=" " ind2=" ">
    <subfield code="a">Product Placement im Fernsehen ..., c1993:</subfield>
    <subfield code="b">t.p. (Gabriele DoĚrfler) p. 4 of cover (b. 1963; lawyer in eastern Germany)</subfield>
  </datafield>
</record>